<?xml version="1.0" encoding="UTF-8"?>
<collection xmlns:xsi="http://www.w3.org/2001/XMLSchema-instance" xsi:schemaLocation="http://www.loc.gov/MARC21/slim http://www.loc.gov/standards/marcxml/schema/MARC21slim.xsd" xmlns="http://www.loc.gov/MARC21/slim">
<record>
  <leader>01350cam a22003491a 4500</leader>
  <controlfield tag="001">862032</controlfield>
  <controlfield tag="003">NNC</controlfield>
  <controlfield tag="005">20140126210201.0</controlfield>
  <controlfield tag="008">870429s1936    ua f     b    000 0 araru</controlfield>
  <datafield tag="010" ind1=" " ind2=" ">
    <subfield code="a">   77261053 /NE</subfield>
  </datafield>
  <datafield tag="035" ind1=" " ind2=" ">
    <subfield code="a">(OCoLC)15607921</subfield>
  </datafield>
  <datafield tag="035" ind1=" " ind2=" ">
    <subfield code="a">(OCoLC)ocm15607921</subfield>
  </datafield>
  <datafield tag="035" ind1=" " ind2=" ">
    <subfield code="9">AER5239CU</subfield>
  </datafield>
  <datafield tag="035" ind1=" " ind2=" ">
    <subfield code="a">(NNC)862032</subfield>
  </datafield>
  <datafield tag="040" ind1=" " ind2=" ">
    <subfield code="a">DLC</subfield>
    <subfield code="c">IUL</subfield>
    <subfield code="d">IUL</subfield>
    <subfield code="d">m/c</subfield>
    <subfield code="d">CGU</subfield>
    <subfield code="d">ICU</subfield>
    <subfield code="d">UkOxU</subfield>
  </datafield>
  <datafield tag="041" ind1="0" ind2=" ">
    <subfield code="a">ara</subfield>
  </datafield>
  <datafield tag="050" ind1=" " ind2=" ">
    <subfield code="a">B759.M34</subfield>
    <subfield code="b">B38</subfield>
  </datafield>
  <datafield tag="066" ind1=" " ind2=" ">
    <subfield code="c">(3</subfield>
  </datafield>
  <datafield tag="090" ind1=" " ind2=" ">
    <subfield code="a">Arab.</subfield>
    <subfield code="b">d.3008</subfield>
  </datafield>
  <datafield tag="100" ind1="1" ind2=" ">
    <subfield code="6">880-01</subfield>
    <subfield code="a">Ben-Zeev, Israel,</subfield>
    <subfield code="d">1899-</subfield>
  </datafield>
  <datafield tag="245" ind1="1" ind2="0">
    <subfield code="6">880-02</subfield>
    <subfield code="a">Mūsá ibn Maymūn :</subfield>
    <subfield code="b">ḥayātuh wa-muṣannafatuh /</subfield>
    <subfield code="c">taʾlīf Isrāʾīl Wulfinsūn (Abū Dhuʾayb)</subfield>
  </datafield>
  <datafield tag="250" ind1=" " ind2=" ">
    <subfield code="6">880-03</subfield>
    <subfield code="a">al-Ṭabʻah 1.</subfield>
  </datafield>
  <datafield tag="260" ind1=" " ind2=" ">
    <subfield code="6">880-04</subfield>
    <subfield code="a">[Cairo] :</subfield>
    <subfield code="b">Maṭbaʻat Lajnat al-Taʾlīf wa-al-Tarjamah wa-al-Nashr,</subfield>
    <subfield code="c">1936.</subfield>
  </datafield>
  <datafield tag="300" ind1=" " ind2=" ">
    <subfield code="a">13, 177 p. :</subfield>
    <subfield code="b">plate ;</subfield>
    <subfield code="c">24 cm.</subfield>
  </datafield>
  <datafield tag="504" ind1=" " ind2=" ">
    <subfield code="a">Bibliography: p. 161-177.</subfield>
  </datafield>
  <datafield tag="600" ind1="1" ind2="0">
    <subfield code="a">Maimonides, Moses,</subfield>
    <subfield code="d">1135-1204.</subfield>
  </datafield>
  <datafield tag="880" ind1="1" ind2=" ">
    <subfield code="6">100-01/(3/r</subfield>
    <subfield code="a">أبو ذؤيب، إسرائيل,</subfield>
    <subfield code="d">1899-.</subfield>
  </datafield>
  <datafield tag="880" ind1="1" ind2="0">
    <subfield code="6">245-02/(3/r</subfield>
    <subfield code="a">موسى بن ميمون :</subfield>
    <subfield code="b">حياته ومصنفاته /</subfield>
    <subfield code="c">تأليف إسرائيل ولفنسون (أبو ذؤيب)</subfield>
  </datafield>
  <datafield tag="880" ind1=" " ind2=" ">
    <subfield code="6">250-03/(3/r</subfield>
    <subfield code="a">الطبعة ١.</subfield>
  </datafield>
  <datafield tag="880" ind1=" " ind2=" ">
    <subfield code="6">260-04/(3/r</subfield>
    <subfield code="a">[القاهرة] :</subfield>
    <subfield code="b">مطبعة لجنة التأليف والترجمة والنشر،</subfield>
    <subfield code="c">١٣٥٥.</subfield>
  </datafield>
  <datafield tag="955" ind1=" " ind2=" ">
    <subfield code="b">CU01533436</subfield>
    <subfield code="d">off,glx</subfield>
    <subfield code="e">B759.M34 B38</subfield>
  </datafield>
</record>
</collection>